<?xml version="1.0" encoding="UTF-8"?><collection xmlns="http://www.loc.gov/MARC21/slim"><record><leader>00605nam--2200205-u-4500</leader><controlfield tag="001">000055407</controlfield><controlfield tag="002">20161230</controlfield><controlfield tag="005">20161230201052</controlfield><controlfield tag="008">130128s1000------------r-----000-0-fre-d</controlfield><datafield ind1=" " ind2=" " tag="040"><subfield code="a">IFIN-HH</subfield></datafield><datafield ind1=" " ind2=" " tag="041"><subfield code="a">fre</subfield></datafield><datafield ind1=" " ind2=" " tag="080"><subfield code="a">539.4:539.3</subfield></datafield><datafield ind1="1" ind2=" " tag="100"><subfield code="a">Pigeaud, Gaston</subfield></datafield><datafield ind1="1" ind2="0" tag="245"><subfield code="a">Resistance des materiaux et elasticite</subfield><subfield code="b">Cours professe a l'ecole des ponts et chaussees</subfield><subfield code="c">Gaston pigeaud</subfield></datafield><datafield ind1=" " ind2=" " tag="250"><subfield code="a">Troisieme Edition</subfield></datafield><datafield ind1=" " ind2=" " tag="260"><subfield code="a">Paris</subfield><subfield code="b">Gauthier-villars, Impprimeur-editeur</subfield><subfield code="c">1948, 1950</subfield></datafield><datafield ind1=" " ind2=" " tag="300"><subfield code="a">2 VOL</subfield></datafield><datafield ind1="1" ind2=" " tag="787"><subfield code="a">Tome Ii</subfield><subfield code="h">/508p./1034p</subfield></datafield><datafield ind1=" " ind2=" " tag="852"><subfield code="a">1111</subfield><subfield code="c">539.4</subfield></datafield><datafield ind1=" " ind2=" " tag="CAT"><subfield code="a">Sys</subfield><subfield code="c">20130128</subfield><subfield code="h">113106</subfield></datafield></record></collection>